@TechReport{sortingNetworksSize2014,
author = {Michael Codish and Luis Cruz-Filipe and Michael Frank and Peter Schneider-Kamp},
title = {Twenty-Five Comparators is Optimal when Sorting Nine Inputs (and Twenty-Nine for Ten)},
institution = {IEEE International Conference on Tools with Artificial Intelligence (ICTAI) },
year = {2014},
month = {November},
version = {3},
url = {http://arxiv.org/pdf/1405.5754v3.pdf},
urldate = {06/04/2016}
}
@inproceedings{sortingNetworksTheEndGame,
author = {Michael Codish and Luis Cruz-Filipe and Peter Schneider-Kamp},
title = {Sorting Networks: the End Game},
booktitle = {Proceedings of the 9th International Conference on Language and Automata Theory and Applications, LATA },
series = {LNCS},
year = {2015}
}

@Book{Knuth3,
author = {{Knuth}, D.~E.},
title = {The art of computer programming. Vol.3: Sorting and searching},
publisher = {Addison-Wesley},
booktitle = {Atmospheric Chemistry \& Physics},
year = 1973,
adsurl = {http://adsabs.harvard.edu/abs/1973acp..book.....K},
adsnote = {Provided by the SAO/NASA Astrophysics Data System}
}

@inproceedings{sortingNetworksApplications,
 author = {Batcher, K. E.},
 title = {Sorting Networks and Their Applications},
 booktitle = {Proceedings of the April 30--May 2, 1968, Spring Joint Computer Conference},
 series = {AFIPS '68 (Spring)},
 year = {1968},
 location = {Atlantic City, New Jersey},
 pages = {307--314},
 numpages = {8},
 url = {http://doi.acm.org/10.1145/1468075.1468121},
 doi = {10.1145/1468075.1468121},
 acmid = {1468121},
 publisher = {ACM},
 address = {New York, NY, USA}
} 

@Inbook{Voorhis1972,
author={Voorhis, David C.},
chapter={Toward a Lower Bound for Sorting Networks},
title={Complexity of Computer Computations: Proceedings of a symposium on the Complexity of Computer Computations, held March 20--22, 1972, at the IBM Thomas J. Watson Research Center, Yorktown Heights, New York, and sponsored by the Office of Naval Research, Mathematics Program, IBM World Trade Corporation, and the IBM Research Mathematical Sciences Department},
year={1972},
publisher={Springer US},
address={Boston, MA},
pages={119--129},
isbn={978-1-4684-2001-2},
doi={10.1007/978-1-4684-2001-2_12},
url={http://dx.doi.org/10.1007/978-1-4684-2001-2_12}
}

@article{CodishBackAgain,
author = {Michael Codish and Lu{\'{\i}}s Cruz{-}Filipe and Thorsten Ehlers and Mike M{\"{u}}ller and Peter Schneider{-}Kamp},
title = {Sorting Networks: to the End and Back Again},
journal = {CoRR},
volume = {abs/1507.01428},
year = {2015},
url = {http://arxiv.org/abs/1507.01428},
timestamp = {Sun, 02 Aug 2015 18:42:03 +0200},
biburl = {http://dblp.uni-trier.de/rec/bib/journals/corr/CodishCEMS15},
bibsource = {dblp computer science bibliography, http://dblp.org}
}

@article{BundalaZavodny,
author = {Daniel Bundala and Jakub Zavodny},
title = {Optimal Sorting Networks},
journal = {CoRR},
volume = {abs/1310.6271},
year = {2013},
url = {http://arxiv.org/abs/1310.6271},
timestamp = {Mon, 04 Nov 2013 15:55:48 +0100},
biburl = {http://dblp.uni-trier.de/rec/bib/journals/corr/BundalaZ13},
bibsource = {dblp computer science bibliography, http://dblp.org}
}

@inproceedings{Parberry, 
author={I. Parberry}, 
booktitle={Supercomputing, 1989. Supercomputing '89. Proceedings of the 1989 ACM/IEEE Conference on}, 
title={A computer assisted optimal depth lower bound for sorting networks with nine inputs}, 
year={1989}, 
pages={152-161}, 
keywords={Computer networks;Sorting}, 
doi={10.1145/76263.76280}, 
month={Nov}
}

@InBook{FloydKnuth,
author = {R. W. Floyd and D. E. Knuth},
title = {In A survey of combinatorial theory},
chapter = {The Bose-Nelson sorting problem},
publisher = {North-Holland},
year = {1973},
pages = {163-172}
}
